@article{dashtipour2018speech,
  title={Speech disorders in Parkinson's disease: pathophysiology, medical management and surgical approaches},
  author={Dashtipour, Khashayar and Tafreshi, Ali and Lee, Jessica and Crawley, Brianna},
  journal={Neurodegenerative disease management},
  volume={8},
  number={5},
  pages={337--348},
  year={2018},
  publisher={Future Medicine}
}

@article{vos2016global,
  title={Global, regional, and national incidence, prevalence, and years lived with disability for 310 diseases and injuries, 1990--2015: a systematic analysis for the Global Burden of Disease Study 2015},
  author={Vos, Theo and Allen, Christine and Arora, Megha and Barber, Ryan M and Bhutta, Zulfiqar A and Brown, Alexandria and Carter, Austin and Casey, Daniel C and Charlson, Fiona J and Chen, Alan Z and others},
  journal={The lancet},
  volume={388},
  number={10053},
  pages={1545--1602},
  year={2016},
  publisher={Elsevier}
}

@article{hlavnivcka2017automated,
  title={Automated analysis of connected speech reveals early biomarkers of Parkinsonâ€™s disease in patients with rapid eye movement sleep behaviour disorder},
  author={Hlavni{\v{c}}ka, Jan and {\v{C}}mejla, Roman and Tykalov{\'a}, Tereza and {\v{S}}onka, Karel and R{\uu}{\v{z}}i{\v{c}}ka, Ev{\v{z}}en and Rusz, Jan},
  journal={Scientific reports},
  volume={7},
  number={1},
  pages={1--13},
  year={2017},
  publisher={Nature Publishing Group}
}