@article{james_1890,
  title={The perception of reality},
  author={James, William},
  journal={Principles of psychology},
  volume={2},
  pages={283--324},
  year={1890},
  publisher={Henry holt and company}
}@Manual{R-base,
  title = {R: A Language and Environment for Statistical Computing},
  author = {{R Core Team}},
  organization = {R Foundation for Statistical Computing},
  address = {Vienna, Austria},
  year = {2020},
  url = {https://www.R-project.org/},
}
@Manual{R-GGally,
  title = {GGally: Extension to 'ggplot2'},
  author = {Barret Schloerke and Di Cook and Joseph Larmarange and Francois Briatte and Moritz Marbach and Edwin Thoen and Amos Elberg and Jason Crowley},
  year = {2021},
  note = {R package version 2.1.1},
  url = {https://CRAN.R-project.org/package=GGally},
}
@Article{R-ggfortify,
  author = {Yuan Tang and Masaaki Horikoshi and Wenxuan Li},
  title = {ggfortify: Unified Interface to Visualize Statistical Result of Popular R Packages},
  journal = {The R Journal},
  year = {2016},
  issue = {2},
  volume = {8},
  url = {https://journal.r-project.org/},
}
@Book{R-ggplot2,
  author = {Hadley Wickham},
  title = {ggplot2: Elegant Graphics for Data Analysis},
  publisher = {Springer-Verlag New York},
  year = {2016},
  isbn = {978-3-319-24277-4},
  url = {https://ggplot2.tidyverse.org},
}
@Manual{R-here,
  title = {here: A Simpler Way to Find Your Files},
  author = {Kirill MÃ¼ller},
  year = {2020},
  note = {R package version 1.0.1},
  url = {https://CRAN.R-project.org/package=here},
}
@Manual{R-kableExtra,
  title = {kableExtra: Construct Complex Table with 'kable' and Pipe Syntax},
  author = {Hao Zhu},
  year = {2021},
  note = {R package version 1.3.4},
  url = {https://CRAN.R-project.org/package=kableExtra},
}
@Book{R-MASS,
  title = {Modern Applied Statistics with S},
  author = {W. N. Venables and B. D. Ripley},
  publisher = {Springer},
  edition = {Fourth},
  address = {New York},
  year = {2002},
  note = {ISBN 0-387-95457-0},
  url = {http://www.stats.ox.ac.uk/pub/MASS4},
}
@Manual{R-pacman,
  title = {{pacman}: {P}ackage Management for {R}},
  author = {Tyler W. Rinker and Dason Kurkiewicz},
  address = {Buffalo, New York},
  note = {version 0.5.0},
  year = {2018},
  url = {http://github.com/trinker/pacman},
}
@Manual{R-papaja,
  author = {Frederik Aust and Marius Barth},
  title = {{papaja}: {Create} {APA} manuscripts with {R Markdown}},
  year = {2020},
  note = {R package version 0.1.0.9997},
  url = {https://github.com/crsh/papaja},
}
@Book{R-boot,
  title = {Bootstrap Methods and Their Applications},
  author = {A. C. Davison and D. V. Hinkley},
  publisher = {Cambridge University Press},
  address = {Cambridge},
  year = {1997},
  note = {ISBN 0-521-57391-2},
  url = {http://statwww.epfl.ch/davison/BMA/},
}
@Manual{R-ggpubr,
  title = {ggpubr: 'ggplot2' Based Publication Ready Plots},
  author = {Alboukadel Kassambara},
  year = {2020},
  note = {R package version 0.4.0},
  url = {https://CRAN.R-project.org/package=ggpubr},
}
@Article{R-glmnet_a,
  title = {Regularization Paths for Generalized Linear Models via Coordinate Descent},
  author = {Jerome Friedman and Trevor Hastie and Robert Tibshirani},
  journal = {Journal of Statistical Software},
  year = {2010},
  volume = {33},
  number = {1},
  pages = {1--22},
  url = {https://www.jstatsoft.org/v33/i01/},
}
@Article{R-glmnet_b,
  title = {Regularization Paths for Cox's Proportional Hazards Model via Coordinate Descent},
  author = {Noah Simon and Jerome Friedman and Trevor Hastie and Rob Tibshirani},
  journal = {Journal of Statistical Software},
  year = {2011},
  volume = {39},
  number = {5},
  pages = {1--13},
  url = {https://www.jstatsoft.org/v39/i05/},
}
@Manual{R-ISwR,
  title = {ISwR: Introductory Statistics with R},
  author = {Peter Dalgaard},
  year = {2020},
  note = {R package version 2.0-8},
  url = {https://CRAN.R-project.org/package=ISwR},
}
@Manual{R-Matrix,
  title = {Matrix: Sparse and Dense Matrix Classes and Methods},
  author = {Douglas Bates and Martin Maechler},
  year = {2021},
  note = {R package version 1.3-4},
  url = {https://CRAN.R-project.org/package=Matrix},
}
@Manual{R-patchwork,
  title = {patchwork: The Composer of Plots},
  author = {Thomas Lin Pedersen},
  year = {2020},
  note = {R package version 1.1.1},
  url = {https://CRAN.R-project.org/package=patchwork},
}
@Book{R-survival-book,
  title = {Modeling Survival Data: Extending the {C}ox Model},
  author = {{Terry M. Therneau} and {Patricia M. Grambsch}},
  year = {2000},
  publisher = {Springer},
  address = {New York},
  isbn = {0-387-98784-3},
}
@Manual{R-survminer,
  title = {survminer: Drawing Survival Curves using 'ggplot2'},
  author = {Alboukadel Kassambara and Marcin Kosinski and Przemyslaw Biecek},
  year = {2021},
  note = {R package version 0.4.9},
  url = {https://CRAN.R-project.org/package=survminer},
}
@Manual{R-crosstable,
  title = {crosstable: Crosstables for Descriptive Analyses},
  author = {Dan Chaltiel},
  year = {2021},
  note = {R package version 0.3.2},
  url = {https://CRAN.R-project.org/package=crosstable},
}
@Manual{R-FNN,
  title = {FNN: Fast Nearest Neighbor Search Algorithms and Applications},
  author = {Alina Beygelzimer and Sham Kakadet and John Langford and Sunil Arya and David Mount and Shengqiao Li},
  year = {2019},
  note = {R package version 1.1.3},
  url = {https://CRAN.R-project.org/package=FNN},
}
