@article{james_1890,
  title={The perception of reality},
  author={James, William},
  journal={Principles of psychology},
  volume={2},
  pages={283--324},
  year={1890},
  publisher={Henry holt and company}
}@Manual{R-base,
  title = {R: A Language and Environment for Statistical Computing},
  author = {{R Core Team}},
  organization = {R Foundation for Statistical Computing},
  address = {Vienna, Austria},
  year = {2020},
  url = {https://www.R-project.org/},
}
@Manual{R-GGally,
  title = {GGally: Extension to 'ggplot2'},
  author = {Barret Schloerke and Di Cook and Joseph Larmarange and Francois Briatte and Moritz Marbach and Edwin Thoen and Amos Elberg and Jason Crowley},
  year = {2021},
  note = {R package version 2.1.1},
  url = {https://CRAN.R-project.org/package=GGally},
}
@Article{R-ggfortify,
  author = {Yuan Tang and Masaaki Horikoshi and Wenxuan Li},
  title = {ggfortify: Unified Interface to Visualize Statistical Result of Popular R Packages},
  journal = {The R Journal},
  year = {2016},
  issue = {2},
  volume = {8},
  url = {https://journal.r-project.org/},
}
@Book{R-ggplot2,
  author = {Hadley Wickham},
  title = {ggplot2: Elegant Graphics for Data Analysis},
  publisher = {Springer-Verlag New York},
  year = {2016},
  isbn = {978-3-319-24277-4},
  url = {https://ggplot2.tidyverse.org},
}
@Manual{R-here,
  title = {here: A Simpler Way to Find Your Files},
  author = {Kirill MÃ¼ller},
  year = {2020},
  note = {R package version 1.0.1},
  url = {https://CRAN.R-project.org/package=here},
}
@Manual{R-kableExtra,
  title = {kableExtra: Construct Complex Table with 'kable' and Pipe Syntax},
  author = {Hao Zhu},
  year = {2021},
  note = {R package version 1.3.4},
  url = {https://CRAN.R-project.org/package=kableExtra},
}
@Book{R-MASS,
  title = {Modern Applied Statistics with S},
  author = {W. N. Venables and B. D. Ripley},
  publisher = {Springer},
  edition = {Fourth},
  address = {New York},
  year = {2002},
  note = {ISBN 0-387-95457-0},
  url = {http://www.stats.ox.ac.uk/pub/MASS4},
}
@Manual{R-pacman,
  title = {{pacman}: {P}ackage Management for {R}},
  author = {Tyler W. Rinker and Dason Kurkiewicz},
  address = {Buffalo, New York},
  note = {version 0.5.0},
  year = {2018},
  url = {http://github.com/trinker/pacman},
}
@Manual{R-papaja,
  author = {Frederik Aust and Marius Barth},
  title = {{papaja}: {Create} {APA} manuscripts with {R Markdown}},
  year = {2020},
  note = {R package version 0.1.0.9997},
  url = {https://github.com/crsh/papaja},
}
