@article{james_1890,
  title={The perception of reality},
  author={James, William},
  journal={Principles of psychology},
  volume={2},
  pages={283--324},
  year={1890},
  publisher={Henry holt and company}
}@Manual{R-apaTables,
  title = {apaTables: Create American Psychological Association (APA) Style Tables},
  author = {David Stanley},
  year = {2021},
  note = {R package version 2.0.8},
  url = {https://CRAN.R-project.org/package=apaTables},
}
@Manual{R-base,
  title = {R: A Language and Environment for Statistical Computing},
  author = {{R Core Team}},
  organization = {R Foundation for Statistical Computing},
  address = {Vienna, Austria},
  year = {2020},
  url = {https://www.R-project.org/},
}
@Book{R-bookdown,
  title = {bookdown: Authoring Books and Technical Documents with {R} Markdown},
  author = {Yihui Xie},
  publisher = {Chapman and Hall/CRC},
  address = {Boca Raton, Florida},
  year = {2016},
  note = {ISBN 978-1138700109},
  url = {https://bookdown.org/yihui/bookdown},
}
@Book{R-car,
  title = {An {R} Companion to Applied Regression},
  edition = {Third},
  author = {John Fox and Sanford Weisberg},
  year = {2019},
  publisher = {Sage},
  address = {Thousand Oaks {CA}},
  url = {https://socialsciences.mcmaster.ca/jfox/Books/Companion/},
}
@Manual{R-carData,
  title = {carData: Companion to Applied Regression Data Sets},
  author = {John Fox and Sanford Weisberg and Brad Price},
  year = {2020},
  note = {R package version 3.0-4},
  url = {https://CRAN.R-project.org/package=carData},
}
@Manual{R-dplyr,
  title = {dplyr: A Grammar of Data Manipulation},
  author = {Hadley Wickham and Romain François and Lionel Henry and Kirill Müller},
  year = {2021},
  note = {R package version 1.0.6},
  url = {https://CRAN.R-project.org/package=dplyr},
}
@Manual{R-forcats,
  title = {forcats: Tools for Working with Categorical Variables (Factors)},
  author = {Hadley Wickham},
  year = {2021},
  note = {R package version 0.5.1},
  url = {https://CRAN.R-project.org/package=forcats},
}
@Manual{R-GGally,
  title = {GGally: Extension to 'ggplot2'},
  author = {Barret Schloerke and Di Cook and Joseph Larmarange and Francois Briatte and Moritz Marbach and Edwin Thoen and Amos Elberg and Jason Crowley},
  year = {2021},
  note = {R package version 2.1.1},
  url = {https://CRAN.R-project.org/package=GGally},
}
@Book{R-ggplot2,
  author = {Hadley Wickham},
  title = {ggplot2: Elegant Graphics for Data Analysis},
  publisher = {Springer-Verlag New York},
  year = {2016},
  isbn = {978-3-319-24277-4},
  url = {https://ggplot2.tidyverse.org},
}
@Article{R-gtsummary,
  author = {Daniel D. Sjoberg and Karissa Whiting and Michael Curry and Jessica A. Lavery and Joseph Larmarange},
  title = {Reproducible Summary Tables with the gtsummary Package},
  journal = {{The R Journal}},
  year = {2021},
  url = {https://doi.org/10.32614/RJ-2021-053},
  doi = {10.32614/RJ-2021-053},
  volume = {13},
  issue = {1},
  pages = {570-580},
}
@Manual{R-here,
  title = {here: A Simpler Way to Find Your Files},
  author = {Kirill Müller},
  year = {2020},
  note = {R package version 1.0.1},
  url = {https://CRAN.R-project.org/package=here},
}
@Manual{R-interactions,
  title = {interactions: Comprehensive, User-Friendly Toolkit for Probing Interactions},
  author = {Jacob A. Long},
  year = {2019},
  note = {R package version 1.1.0},
  url = {https://cran.r-project.org/package=interactions},
}
@Manual{R-kableExtra,
  title = {kableExtra: Construct Complex Table with 'kable' and Pipe Syntax},
  author = {Hao Zhu},
  year = {2021},
  note = {R package version 1.3.4},
  url = {https://CRAN.R-project.org/package=kableExtra},
}
@Book{R-MASS,
  title = {Modern Applied Statistics with S},
  author = {W. N. Venables and B. D. Ripley},
  publisher = {Springer},
  edition = {Fourth},
  address = {New York},
  year = {2002},
  note = {ISBN 0-387-95457-0},
  url = {http://www.stats.ox.ac.uk/pub/MASS4},
}
@Manual{R-moments,
  title = {moments: Moments, cumulants, skewness, kurtosis and related tests},
  author = {Lukasz Komsta and Frederick Novomestky},
  year = {2015},
  note = {R package version 0.14},
  url = {https://CRAN.R-project.org/package=moments},
}
@Manual{R-pacman,
  title = {{pacman}: {P}ackage Management for {R}},
  author = {Tyler W. Rinker and Dason Kurkiewicz},
  address = {Buffalo, New York},
  note = {version 0.5.0},
  year = {2018},
  url = {http://github.com/trinker/pacman},
}
@Manual{R-papaja,
  author = {Frederik Aust and Marius Barth},
  title = {{papaja}: {Create} {APA} manuscripts with {R Markdown}},
  year = {2020},
  note = {R package version 0.1.0.9997},
  url = {https://github.com/crsh/papaja},
}
@Manual{R-purrr,
  title = {purrr: Functional Programming Tools},
  author = {Lionel Henry and Hadley Wickham},
  year = {2020},
  note = {R package version 0.3.4},
  url = {https://CRAN.R-project.org/package=purrr},
}
@Manual{R-rcompanion,
  title = {rcompanion: Functions to Support Extension Education Program Evaluation},
  author = {Salvatore Mangiafico},
  year = {2021},
  note = {R package version 2.4.1},
  url = {https://CRAN.R-project.org/package=rcompanion},
}
@Manual{R-readr,
  title = {readr: Read Rectangular Text Data},
  author = {Hadley Wickham and Jim Hester},
  year = {2020},
  note = {R package version 1.4.0},
  url = {https://CRAN.R-project.org/package=readr},
}
@Article{R-report,
  title = {Automated Results Reporting as a Practical Tool to Improve Reproducibility and Methodological Best Practices Adoption},
  author = {Dominique Makowski and Mattan S. Ben-Shachar and Indrajeet Patil and Daniel Lüdecke},
  year = {2021},
  journal = {CRAN},
  url = {https://github.com/easystats/report},
}
@Manual{R-sjPlot,
  title = {sjPlot: Data Visualization for Statistics in Social Science},
  author = {Daniel Lüdecke},
  year = {2021},
  note = {R package version 2.8.8},
  url = {https://CRAN.R-project.org/package=sjPlot},
}
@Manual{R-stringr,
  title = {stringr: Simple, Consistent Wrappers for Common String Operations},
  author = {Hadley Wickham},
  year = {2019},
  note = {R package version 1.4.0},
  url = {https://CRAN.R-project.org/package=stringr},
}
@Manual{R-tibble,
  title = {tibble: Simple Data Frames},
  author = {Kirill Müller and Hadley Wickham},
  year = {2021},
  note = {R package version 3.1.2},
  url = {https://CRAN.R-project.org/package=tibble},
}
@Manual{R-tidyr,
  title = {tidyr: Tidy Messy Data},
  author = {Hadley Wickham},
  year = {2021},
  note = {R package version 1.1.3},
  url = {https://CRAN.R-project.org/package=tidyr},
}
@Article{R-tidyverse,
  title = {Welcome to the {tidyverse}},
  author = {Hadley Wickham and Mara Averick and Jennifer Bryan and Winston Chang and Lucy D'Agostino McGowan and Romain François and Garrett Grolemund and Alex Hayes and Lionel Henry and Jim Hester and Max Kuhn and Thomas Lin Pedersen and Evan Miller and Stephan Milton Bache and Kirill Müller and Jeroen Ooms and David Robinson and Dana Paige Seidel and Vitalie Spinu and Kohske Takahashi and Davis Vaughan and Claus Wilke and Kara Woo and Hiroaki Yutani},
  year = {2019},
  journal = {Journal of Open Source Software},
  volume = {4},
  number = {43},
  pages = {1686},
  doi = {10.21105/joss.01686},
}
@Manual{R-tinylabels,
  title = {{tinylabels}: Lightweight Variable Labels},
  author = {Marius Barth},
  year = {2021},
  note = {R package version 0.2.1},
  url = {https://github.com/mariusbarth/tinylabels},
}
